<?xml version="1.0" encoding="UTF-8"?>
<record xmlns="http://www.loc.gov/MARC21/slim">
   <leader>01825cam a2200397 a 4500</leader>
   <controlfield tag="001">774400</controlfield>
   <controlfield tag="003">NjP</controlfield>
   <controlfield tag="005">20170605130554.0</controlfield>
   <controlfield tag="008">921208m19889999ir a          000 0 ara d</controlfield>
   <datafield tag="024" ind1="7" ind2=" ">
      <subfield code="a">princeton_aco003434</subfield>
      <subfield code="2">local</subfield>
   </datafield>
   <datafield ind1=" " ind2=" " tag="035">
      <subfield code="a">(OCoLC)27152017</subfield>
   </datafield>
   <datafield ind1=" " ind2=" " tag="035">
      <subfield code="a">(OCoLC)ocn176688783</subfield>
   </datafield>
   <datafield ind1=" " ind2=" " tag="035">
      <subfield code="a">(OCoLC)176688783</subfield>
   </datafield>
   <datafield ind1=" " ind2=" " tag="035">
      <subfield code="a">(CStRLIN)NJPG92-B67699</subfield>
   </datafield>
   <datafield ind1=" " ind2=" " tag="035">
      <subfield code="9">ADQ8738TS</subfield>
   </datafield>
   <datafield ind1=" " ind2=" " tag="035">
      <subfield code="a">(NjP)774400</subfield>
   </datafield>
   <datafield ind1=" " ind2=" " tag="040">
      <subfield code="a">NjP</subfield>
      <subfield code="c">PUL</subfield>
      <subfield code="d">PUL</subfield>
   </datafield>
   <datafield ind1=" " ind2=" " tag="049">
      <subfield code="a">PULL</subfield>
   </datafield>
   <datafield ind1=" " ind2=" " tag="079">
      <subfield code="a">ocm27152017</subfield>
   </datafield>
   <datafield ind1="1" ind2=" " tag="100">
      <subfield code="6">880-01</subfield>
      <subfield code="a">Kirmānshāhī, ʻAbd al-Raḥīm ibn ʻAbd al-Raḥmān,</subfield>
      <subfield code="d">1808-1887 or 1888.</subfield>
      <subfield code="0">http://id.loc.gov/authorities/names/nr92044831</subfield>
   </datafield>
   <datafield ind1="1" ind2="0" tag="240">
      <subfield code="6">880-02</subfield>
      <subfield code="a">Kashf al-asrār wa-rafʻ al-astār</subfield>
   </datafield>
   <datafield ind1="1" ind2="0" tag="245">
      <subfield code="6">880-03</subfield>
      <subfield code="a">Kitāb kashf al-asrār wa-rafʻ al-astār /</subfield>
      <subfield code="c">taʼlīf ʻAbd al-Raḥīm ibn ʻAbd al-Raḥmān al-Kirmānshāhī.</subfield>
   </datafield>
   <datafield ind1=" " ind2=" " tag="250">
      <subfield code="6">880-04</subfield>
      <subfield code="a">al-Ṭabʻah 1.</subfield>
   </datafield>
   <datafield ind1=" " ind2=" " tag="260">
      <subfield code="6">880-05</subfield>
      <subfield code="a">[Qum] :</subfield>
      <subfield code="b">ʻAbd al-Jalīl al-Jalīlī,</subfield>
      <subfield code="c">1409- [1988- ]</subfield>
   </datafield>
   <datafield ind1=" " ind2=" " tag="300">
      <subfield code="a">v. :</subfield>
      <subfield code="b">ill. ;</subfield>
      <subfield code="c">25 cm.</subfield>
   </datafield>
   <datafield ind1=" " ind2="0" tag="650">
      <subfield code="a">Islamic law</subfield>
      <subfield code="x">Interpretation and construction.</subfield>
      <subfield code="0">http://id.loc.gov/authorities/subjects/sh85068455</subfield>
   </datafield>
   <datafield ind1="0" ind2=" " tag="740">
      <subfield code="6">880-06</subfield>
      <subfield code="a">Kashf al-asrār wa-rafʻ al-astār.</subfield>
   </datafield>
   <datafield ind1="1" ind2=" " tag="880">
      <subfield code="6">100-01/r</subfield>
      <subfield code="a">كرمانشاهي، عبد الرحيم بن عبد الرحمن،</subfield>
      <subfield code="d">1808-1887 or 1888.</subfield>
   </datafield>
   <datafield ind1="1" ind2="0" tag="880">
      <subfield code="6">240-02/r</subfield>
      <subfield code="a">كشف الاسرار ورفع الاستار</subfield>
   </datafield>
   <datafield ind1="1" ind2="0" tag="880">
      <subfield code="6">245-03/r</subfield>
      <subfield code="a">كتاب كشف الاسرار ورفع الاستار /</subfield>
      <subfield code="c">تأليف عبد الرحيم بن عبد الرحمن الكرمانشاهي.</subfield>
   </datafield>
   <datafield ind1=" " ind2=" " tag="880">
      <subfield code="6">250-04/r</subfield>
      <subfield code="a">الطبعة 1.</subfield>
   </datafield>
   <datafield ind1=" " ind2=" " tag="880">
      <subfield code="6">260-05/r</subfield>
      <subfield code="a">[قم] :</subfield>
      <subfield code="b">عبد الجليل الجليلي،</subfield>
      <subfield code="c">1409- [1988- ]</subfield>
   </datafield>
   <datafield ind1="0" ind2=" " tag="880">
      <subfield code="6">740-06/r</subfield>
      <subfield code="a">كشف الاسرار ورفع الاستار.</subfield>
   </datafield>
   <datafield ind1=" " ind2=" " tag="998">
      <subfield code="a">12/08/92</subfield>
      <subfield code="s">9114</subfield>
      <subfield code="n">NjP</subfield>
      <subfield code="d">12/08/92</subfield>
      <subfield code="c">JEB</subfield>
      <subfield code="b">JEB</subfield>
      <subfield code="i">921208</subfield>
      <subfield code="l">NJPG</subfield>
   </datafield>
   <datafield ind1=" " ind2=" " tag="911">
      <subfield code="a">19921218</subfield>
   </datafield>
   <datafield ind1=" " ind2=" " tag="912">
      <subfield code="a">19980512042258.0</subfield>
   </datafield>
   <datafield ind1=" " ind2=" " tag="994">
      <subfield code="a">C0</subfield>
      <subfield code="b">PUL</subfield>
   </datafield>
   <datafield ind1=" " ind2=" " tag="999">
      <subfield code="a">774400</subfield>
   </datafield>
   <datafield ind1="8" ind2="1" tag="852">
      <subfield code="0">874952</subfield>
      <subfield code="b">rcppa</subfield>
      <subfield code="t">1</subfield>
      <subfield code="h">KBL</subfield>
      <subfield code="i">.K475 1988</subfield>
      <subfield code="x">tr fr arab</subfield>
   </datafield>
   <datafield ind1=" " ind2="0" tag="866">
      <subfield code="0">874952</subfield>
      <subfield code="8">0</subfield>
      <subfield code="a">Mujallad 1-juz 3 (published in 1416 [1996])</subfield>
   </datafield>
   <datafield ind1=" " ind2="0" tag="866">
      <subfield code="0">874952</subfield>
      <subfield code="8">DESIGNATOR: mujallad</subfield>
   </datafield>
   <datafield ind1=" " ind2=" " tag="959">
      <subfield code="a">2000-06-13 00:00:00 -0400</subfield>
   </datafield>
</record>
